@inproceedings{bib1,
  title     = {Improving Accuracy of GNSS Devices in Urban Canyons.},
  author    = {Ben-Moshe, Boaz and Elkin, Elazar and Levi, Harel and Weissman, Ayal},
  booktitle = {CCCG},
  pages     = {511--515},
  year      = {2011}
}

@inproceedings{bib2,
  title     = {Predicting ground-level scene layout from aerial imagery},
  author    = {Zhai, Menghua and Bessinger, Zachary and Workman, Scott and Jacobs, Nathan},
  booktitle = {Proceedings of the IEEE Conference on Computer Vision and Pattern Recognition},
  pages     = {867--875},
  year      = {2017}
}

@article{bib3,
  title     = {Each part matters: Local patterns facilitate cross-view geo-localization},
  author    = {Wang, Tingyu and Zheng, Zhedong and Yan, Chenggang and Zhang, Jiyong and Sun, Yaoqi and Zheng, Bolun and Yang, Yi},
  journal   = {IEEE Transactions on Circuits and Systems for Video Technology},
  volume    = {32},
  number    = {2},
  pages     = {867--879},
  year      = {2021},
  publisher = {IEEE}
}

@article{bib25,
  title   = {Comprehensive review of autonomous taxi dispatching systems},
  author  = {Zeng, WL and Wu, MM and Sun, WJ and Xie, S},
  journal = {Comput. Sci},
  volume  = {47},
  number  = {05},
  pages   = {181--189},
  year    = {2020}
}

@inproceedings{bib37,
  title        = {Localizing and orienting street views using overhead imagery},
  author       = {Vo, Nam N and Hays, James},
  booktitle    = {European conference on computer vision},
  pages        = {494--509},
  year         = {2016},
  organization = {Springer}
}

@article{bib6,
  title     = {Experience-based navigation for long-term localisation},
  author    = {Churchill, Winston and Newman, Paul},
  journal   = {The International Journal of Robotics Research},
  volume    = {32},
  number    = {14},
  pages     = {1645--1661},
  year      = {2013},
  publisher = {SAGE Publications Sage UK: London, England}
}

@article{bib7,
  title     = {Visual localization under appearance change: filtering approaches},
  author    = {Doan, Anh-Dzung and Latif, Yasir and Chin, Tat-Jun and Liu, Yu and Châ€™ng, Shin-Fang and Do, Thanh-Toan and Reid, Ian},
  journal   = {Neural Computing and Applications},
  volume    = {33},
  number    = {13},
  pages     = {7325--7338},
  year      = {2021},
  publisher = {Springer}
}

@inproceedings{bib8,
  title     = {Are these from the same place? seeing the unseen in cross-view image geo-localization},
  author    = {Rodrigues, Royston and Tani, Masahiro},
  booktitle = {Proceedings of the IEEE/CVF Winter Conference on Applications of Computer Vision},
  pages     = {3753--3761},
  year      = {2021}
}

@inproceedings{bib9,
  title     = {Scalable place recognition under appearance change for autonomous driving},
  author    = {Doan, Anh-Dzung and Latif, Yasir and Chin, Tat-Jun and Liu, Yu and Do, Thanh-Toan and Reid, Ian},
  booktitle = {Proceedings of the IEEE/CVF International Conference on Computer Vision},
  pages     = {9319--9328},
  year      = {2019}
}

@inproceedings{bib10,
  title        = {SeqSLAM: Visual route-based navigation for sunny summer days and stormy winter nights},
  author       = {Milford, Michael J and Wyeth, Gordon F},
  booktitle    = {2012 IEEE international conference on robotics and automation},
  pages        = {1643--1649},
  year         = {2012},
  organization = {IEEE}
}

@inproceedings{bib4,
  title     = {Lending orientation to neural networks for cross-view geo-localization},
  author    = {Liu, Liu and Li, Hongdong},
  booktitle = {Proceedings of the IEEE/CVF Conference on Computer Vision and Pattern Recognition},
  pages     = {5624--5633},
  year      = {2019}
}

@article{bib20,
  title  = {Exploring Relationships Between Ground and Aerial Views by Synthesis and Matching},
  author = {Regmi, Krishna},
  year   = {2021}
}

@article{bib21,
  title     = {Image-based geo-localization using satellite imagery},
  author    = {Hu, Sixing and Lee, Gim Hee},
  journal   = {International Journal of Computer Vision},
  volume    = {128},
  number    = {5},
  pages     = {1205--1219},
  year      = {2020},
  publisher = {Springer}
}

@article{bib22,
  title   = {Evaluation of Cross-View Matching to Improve Ground Vehicle Localization with Aerial Perception},
  author  = {Dixit, Deeksha and Verma, Surabhi and Tokekar, Pratap},
  journal = {arXiv preprint arXiv:2003.06515},
  year    = {2020}
}

@inproceedings{bib24,
  title     = {Video geo-localization employing geo-temporal feature learning and gps trajectory smoothing},
  author    = {Regmi, Krishna and Shah, Mubarak},
  booktitle = {Proceedings of the IEEE/CVF International Conference on Computer Vision},
  pages     = {12126--12135},
  year      = {2021}
}

@inproceedings{bib55,
  title     = {Wide-area image geolocalization with aerial reference imagery},
  author    = {Workman, Scott and Souvenir, Richard and Jacobs, Nathan},
  booktitle = {Proceedings of the IEEE International Conference on Computer Vision},
  pages     = {3961--3969},
  year      = {2015}
}

@inproceedings{bib5,
  title     = {Vigor: Cross-view image geo-localization beyond one-to-one retrieval},
  author    = {Zhu, Sijie and Yang, Taojiannan and Chen, Chen},
  booktitle = {Proceedings of the IEEE/CVF Conference on Computer Vision and Pattern Recognition},
  pages     = {3640--3649},
  year      = {2021}
}

@inproceedings{bib12,
  title     = {Bdd100k: A diverse driving dataset for heterogeneous multitask learning},
  author    = {Yu, Fisher and Chen, Haofeng and Wang, Xin and Xian, Wenqi and Chen, Yingying and Liu, Fangchen and Madhavan, Vashisht and Darrell, Trevor},
  booktitle = {Proceedings of the IEEE/CVF conference on computer vision and pattern recognition},
  pages     = {2636--2645},
  year      = {2020}
}

@article{bib26,
  title     = {Large-scale image geo-localization using dominant sets},
  author    = {Zemene, Eyasu and Tesfaye, Yonatan Tariku and Idrees, Haroon and Prati, Andrea and Pelillo, Marcello and Shah, Mubarak},
  journal   = {IEEE transactions on pattern analysis and machine intelligence},
  volume    = {41},
  number    = {1},
  pages     = {148--161},
  year      = {2018},
  publisher = {IEEE}
}

@inproceedings{bib32,
  title     = {Cross-view image matching for geo-localization in urban environments},
  author    = {Tian, Yicong and Chen, Chen and Shah, Mubarak},
  booktitle = {Proceedings of the IEEE Conference on Computer Vision and Pattern Recognition},
  pages     = {3608--3616},
  year      = {2017}
}

@inproceedings{bib36,
  title     = {Cvm-net: Cross-view matching network for image-based ground-to-aerial geo-localization},
  author    = {Hu, Sixing and Feng, Mengdan and Nguyen, Rang MH and Lee, Gim Hee},
  booktitle = {Proceedings of the IEEE Conference on Computer Vision and Pattern Recognition},
  pages     = {7258--7267},
  year      = {2018}
}

@inproceedings{bib14,
  title        = {Hybrid Perspective Mapping: Align Method for Cross-View Image-Based Geo-Localization},
  author       = {Wang, Junbo and Yang, Yi and Pan, Miaoxin and Zhang, Man and Zhu, Minzhao and Fu, Mengyin},
  booktitle    = {2021 IEEE International Intelligent Transportation Systems Conference (ITSC)},
  pages        = {3040--3046},
  year         = {2021},
  organization = {IEEE}
}

@inproceedings{bib13,
  title     = {Where am i looking at? joint location and orientation estimation by cross-view matching},
  author    = {Shi, Yujiao and Yu, Xin and Campbell, Dylan and Li, Hongdong},
  booktitle = {Proceedings of the IEEE/CVF Conference on Computer Vision and Pattern Recognition},
  pages     = {4064--4072},
  year      = {2020}
}

@inproceedings{bib41,
  title        = {You are here: Geolocation by embedding maps and images},
  author       = {Samano, Noe and Zhou, Mengjie and Calway, Andrew},
  booktitle    = {European Conference on Computer Vision},
  pages        = {502--518},
  year         = {2020},
  organization = {Springer}
}

@inproceedings{bib44,
  title     = {Optimal feature transport for cross-view image geo-localization},
  author    = {Shi, Yujiao and Yu, Xin and Liu, Liu and Zhang, Tong and Li, Hongdong},
  booktitle = {Proceedings of the AAAI Conference on Artificial Intelligence},
  volume    = {34},
  number    = {07},
  pages     = {11990--11997},
  year      = {2020}
}

@inproceedings{bib43,
  title     = {Revisiting street-to-aerial view image geo-localization and orientation estimation},
  author    = {Zhu, Sijie and Yang, Taojiannan and Chen, Chen},
  booktitle = {Proceedings of the IEEE/CVF Winter Conference on Applications of Computer Vision},
  pages     = {756--765},
  year      = {2021}
}

@inproceedings{bib45,
  title     = {Ground-to-aerial image geo-localization with a hard exemplar reweighting triplet loss},
  author    = {Cai, Sudong and Guo, Yulan and Khan, Salman and Hu, Jiwei and Wen, Gongjian},
  booktitle = {Proceedings of the IEEE/CVF International Conference on Computer Vision},
  pages     = {8391--8400},
  year      = {2019}
}

@article{bib46,
  title   = {Spatial-aware feature aggregation for image based cross-view geo-localization},
  author  = {Shi, Yujiao and Liu, Liu and Yu, Xin and Li, Hongdong},
  journal = {Advances in Neural Information Processing Systems},
  volume  = {32},
  year    = {2019}
}

@inproceedings{bib47,
  title        = {Geographically local representation learning with a spatial prior for visual localization},
  author       = {Xia, Zimin and Booij, Olaf and Manfredi, Marco and Kooij, Julian FP},
  booktitle    = {European Conference on Computer Vision},
  pages        = {557--573},
  year         = {2020},
  organization = {Springer}
}

@article{bib17,
  title     = {Cross-View Matching for Vehicle Localization by Learning Geographically Local Representations},
  author    = {Xia, Zimin and Booij, Olaf and Manfredi, Marco and Kooij, Julian FP},
  journal   = {IEEE Robotics and Automation Letters},
  volume    = {6},
  number    = {3},
  pages     = {5921--5928},
  year      = {2021},
  publisher = {IEEE}
}

@inproceedings{bib18,
  title     = {Coming down to earth: Satellite-to-street view synthesis for geo-localization},
  author    = {Toker, Aysim and Zhou, Qunjie and Maximov, Maxim and Leal-Taix{\'e}, Laura},
  booktitle = {Proceedings of the IEEE/CVF Conference on Computer Vision and Pattern Recognition},
  pages     = {6488--6497},
  year      = {2021}
}

@article{bib19,
  title   = {Cross-view geo-localization with evolving transformer},
  author  = {Yang, Hongji and Lu, Xiufan and Zhu, Yingying},
  journal = {arXiv preprint arXiv:2107.00842},
  year    = {2021}
}

@article{bib49,
  title     = {Multi-scale attention encoder for street-to-aerial image geo-localization},
  author    = {Li, Songlian and Tu, Zhigang and Chen, Yujin and Yu, Tan},
  journal   = {CAAI Transactions on Intelligence Technology},
  year      = {2022},
  publisher = {Wiley Online Library}
}

@inproceedings{bib50,
  title     = {Bridging the domain gap for ground-to-aerial image matching},
  author    = {Regmi, Krishna and Shah, Mubarak},
  booktitle = {Proceedings of the IEEE/CVF International Conference on Computer Vision},
  pages     = {470--479},
  year      = {2019}
}

@article{bib27,
  title     = {Distinctive image features from scale-invariant keypoints},
  author    = {Lowe, David G},
  journal   = {International journal of computer vision},
  volume    = {60},
  number    = {2},
  pages     = {91--110},
  year      = {2004},
  publisher = {Springer}
}

@inproceedings{bib28,
  title        = {Surf: Speeded up robust features},
  author       = {Bay, Herbert and Tuytelaars, Tinne and Gool, Luc Van},
  booktitle    = {European conference on computer vision},
  pages        = {404--417},
  year         = {2006},
  organization = {Springer}
}

@inproceedings{bib29,
  title        = {Freak: Fast retina keypoint},
  author       = {Alahi, Alexandre and Ortiz, Raphael and Vandergheynst, Pierre},
  booktitle    = {2012 IEEE conference on computer vision and pattern recognition},
  pages        = {510--517},
  year         = {2012},
  organization = {Ieee}
}

@inproceedings{bib30,
  author    = {Bosch, Anna and Zisserman, Andrew and Munoz, Xavier},
  booktitle = {2007 IEEE 11th International Conference on Computer Vision},
  title     = {Image Classification using Random Forests and Ferns},
  year      = {2007},
  volume    = {},
  number    = {},
  pages     = {1-8},
  doi       = {10.1109/ICCV.2007.4409066}
}

@article{bib31,
  title   = {Very deep convolutional networks for large-scale image recognition},
  author  = {Simonyan, Karen and Zisserman, Andrew},
  journal = {arXiv preprint arXiv:1409.1556},
  year    = {2014}
}

@article{bib33,
  title   = {Faster r-cnn: Towards real-time object detection with region proposal networks},
  author  = {Ren, Shaoqing and He, Kaiming and Girshick, Ross and Sun, Jian},
  journal = {Advances in neural information processing systems},
  volume  = {28},
  year    = {2015}
}

@article{bib34,
  title     = {Imagenet classification with deep convolutional neural networks},
  author    = {Krizhevsky, Alex and Sutskever, Ilya and Hinton, Geoffrey E},
  journal   = {Communications of the ACM},
  volume    = {60},
  number    = {6},
  pages     = {84--90},
  year      = {2017},
  publisher = {AcM New York, NY, USA}
}

@inproceedings{bib35,
  title        = {Learning a similarity metric discriminatively, with application to face verification},
  author       = {Chopra, Sumit and Hadsell, Raia and LeCun, Yann},
  booktitle    = {2005 IEEE Computer Society Conference on Computer Vision and Pattern Recognition (CVPR'05)},
  volume       = {1},
  pages        = {539--546},
  year         = {2005},
  organization = {IEEE}
}

@inproceedings{bib38,
  title     = {Deep residual learning for image recognition},
  author    = {He, Kaiming and Zhang, Xiangyu and Ren, Shaoqing and Sun, Jian},
  booktitle = {Proceedings of the IEEE conference on computer vision and pattern recognition},
  pages     = {770--778},
  year      = {2016}
}

@inproceedings{bib39,
  title     = {Densely connected convolutional networks},
  author    = {Huang, Gao and Liu, Zhuang and Van Der Maaten, Laurens and Weinberger, Kilian Q},
  booktitle = {Proceedings of the IEEE conference on computer vision and pattern recognition},
  pages     = {4700--4708},
  year      = {2017}
}

@inproceedings{bib40,
  title     = {Xception: Deep learning with depthwise separable convolutions},
  author    = {Chollet, Fran{\c{c}}ois},
  booktitle = {Proceedings of the IEEE conference on computer vision and pattern recognition},
  pages     = {1251--1258},
  year      = {2017}
}

@inproceedings{bib42,
  title        = {U-net: Convolutional networks for biomedical image segmentation},
  author       = {Ronneberger, Olaf and Fischer, Philipp and Brox, Thomas},
  booktitle    = {International Conference on Medical image computing and computer-assisted intervention},
  pages        = {234--241},
  year         = {2015},
  organization = {Springer}
}

@inproceedings{bib48,
  title     = {Cbam: Convolutional block attention module},
  author    = {Woo, Sanghyun and Park, Jongchan and Lee, Joon-Young and Kweon, In So},
  booktitle = {Proceedings of the European conference on computer vision (ECCV)},
  pages     = {3--19},
  year      = {2018}
}

@inproceedings{bib51,
  title     = {Cross-view image synthesis using conditional gans},
  author    = {Regmi, Krishna and Borji, Ali},
  booktitle = {Proceedings of the IEEE conference on Computer Vision and Pattern Recognition},
  pages     = {3501--3510},
  year      = {2018}
}

@article{bib52,
  title     = {A computational approach to edge detection},
  author    = {Canny, John},
  journal   = {IEEE Transactions on pattern analysis and machine intelligence},
  number    = {6},
  pages     = {679--698},
  year      = {1986},
  publisher = {Ieee}
}

@inproceedings{bib54,
  title     = {Scalable place recognition under appearance change for autonomous driving},
  author    = {Doan, Anh-Dzung and Latif, Yasir and Chin, Tat-Jun and Liu, Yu and Do, Thanh-Toan and Reid, Ian},
  booktitle = {Proceedings of the IEEE/CVF International Conference on Computer Vision},
  pages     = {9319--9328},
  year      = {2019}
}

@misc{bib23,
  title = {FFmpeg.org},
  url   = {https://ffmpeg.org/},
  note  = {[Online; accessed 19-December-2022]}
}

@misc{bib16,
  author = {{Wikipedia contributors}},
  title  = {Great-circle distance},
  year   = {2022},
  url    = {https://en.wikipedia.org/wiki/Great-circle_distance},
  note   = {[Online; accessed 19-December-2022]}
}

@misc{bib15,
  title = {Maps Static API},
  url   = {https://developers.google.com/maps/documentation/maps-static/overview},
  note  = {[Online; accessed 19-December-2022]}
}

@article{bib11,
  title   = {EDGE DETECTION-APPLICATION OF (FIRST AND SECOND) ORDER DERIVATIVE IN IMAGE PROCESSING: Communication},
  author  = {Alazzawi, Abdulbasit},
  journal = {Diyala Journal of Engineering Sciences},
  volume  = {8},
  number  = {4},
  pages   = {430--440},
  year    = {2015}
}

@inproceedings{vyas2022gama,
  title={GAMa: Cross-view Video Geo-localization},
  author={Vyas, Shruti and Chen, Chen and Shah, Mubarak},
  booktitle={European Conference on Computer Vision},
  year={2022},
  organization={Springer}
}
